<record><leader>00000cas a22000007a 4500</leader><controlfield tag="001">10987559</controlfield><controlfield tag="008">840726d18801925ohuwr ne      0    0eng d</controlfield><datafield ind1=" " ind2=" " tag="010"><subfield code="a">sn 84028401 </subfield></datafield><datafield ind1=" " ind2=" " tag="040"><subfield code="a">NPY</subfield><subfield code="b">eng</subfield><subfield code="c">NPY</subfield><subfield code="d">OCLCQ</subfield></datafield><datafield ind1=" " ind2=" " tag="042"><subfield code="a">msc</subfield></datafield><datafield ind1="0" ind2="4" tag="245"><subfield code="a">The Hubbard enterprise.</subfield></datafield><datafield ind1=" " ind2=" " tag="260"><subfield code="a">Hubbard, Ohio :</subfield><subfield code="b">W.R. Wadsworth</subfield></datafield><datafield ind1=" " ind2=" " tag="300"><subfield code="a">v. :</subfield><subfield code="b">ill. ;</subfield><subfield code="c">55-61 cm.</subfield></datafield><datafield ind1=" " ind2=" " tag="310"><subfield code="a">Weekly</subfield></datafield><datafield ind1="1" ind2=" " tag="362"><subfield code="a">Began in 1880? Ceased in 1925?</subfield><subfield code="z">Cf. Gutgesell, S. Guide to Ohio newspapers, 1974.</subfield></datafield><datafield ind1=" " ind2=" " tag="500"><subfield code="a">Publisher: Wadsworth, 18&lt;94-95&gt;; H.W. Ulrich Printing Co., &lt;1913&gt;-Apr. 1917; R.H. Van Ness Printing Co., May 1917-&lt;Oct. 1917&gt;.</subfield></datafield><datafield ind1=" " ind2=" " tag="588"><subfield code="a">Description based on: Vol. 17, no. 39 (Oct. 25, 1894).</subfield></datafield><datafield ind1=" " ind2=" " tag="752"><subfield code="a">United States</subfield><subfield code="b">Ohio</subfield><subfield code="c">Trumbull</subfield><subfield code="d">Hubbard.</subfield></datafield><datafield ind1="0" ind2="0" tag="785"><subfield code="t">Hubbard enterprise-tribune</subfield></datafield></record>